@inproceedings{OM:2008,
	 author = {Oltean, Mihai and Muntean, Oana},
	 title = {Solving {NP}-Complete Problems with Delayed Signals: An Overview of Current Research Directions},
	 booktitle = {Proceedings of the 1st international workshop on Optical SuperComputing},
	 series = {OSC '08},
	 year = {2008},
	 isbn = {978-3-540-85672-6},
	 location = {Vienna, Austria},
	 pages = {115--127},
	 numpages = {13},
	 url = {http://dx.doi.org/10.1007/978-3-540-85673-3_10},
	 doi = {http://dx.doi.org/10.1007/978-3-540-85673-3_10},
	 acmid = {1429851},
	 publisher = {Springer-Verlag},
	 address = {Berlin, Heidelberg},
	 keywords = {NP-complete, delay lines, optical computing, signal-based computing, unconventional computing}
}

@article{Aaronson:2005,
	 author = {Aaronson, Scott},
	 title = {Guest Column: {NP}-complete problems and physical reality},
	 journal = {SIGACT News},
	 volume = {36},
	 issue = {1},
	 month = {March},
	 year = {2005},
	 issn = {0163-5700},
	 pages = {30--52},
	 numpages = {23},
	 url = {http://doi.acm.org/10.1145/1052796.1052804},
	 doi = {http://doi.acm.org/10.1145/1052796.1052804},
	 acmid = {1052804},
	 publisher = {ACM},
	 address = {New York, NY, USA}
} 

@book{Garey:1979,
	 author = {Garey, Michael R. and Johnson, David S.},
	 title = {Computers and Intractability: A Guide to the Theory of {NP}-Completeness},
	 year = {1979},
	 isbn = {0716710447},
	 publisher = {W. H. Freeman \& Co.},
	 address = {New York, NY, USA}
}

@article{Brun:2008,
	 author = {Brun, Yuriy},
	 title = {Solving {NP}-complete problems in the tile assembly model},
	 journal = {Theor. Comput. Sci.},
	 volume = {395},
	 issue = {1},
	 month = {April},
	 year = {2008},
	 issn = {0304-3975},
	 pages = {31--46},
	 numpages = {16},
	 url = {http://portal.acm.org/citation.cfm?id=1354933.1355014},
	 doi = {10.1016/j.tcs.2007.07.052},
	 acmid = {1355014},
	 publisher = {Elsevier Science Publishers Ltd.},
	 address = {Essex, UK},
	 keywords = {Crystal-growth, Distributed computing, Molecular computation, NP-complete, Natural computation, Nondeterministic computation, Parallel computing, Self-assembly, SubsetSum, Tile assembly model}
} 

@misc{ wiki:np-complete,
   author = "Wikipedia",
   title = "{NP}-complete --- {Wikipedia, The Free Encyclopedia}",
   year = "2013",
   url = "http://en.wikipedia.org/w/index.php?title=NP-complete&oldid=572331965",
   note = "[Online; accessed 20-September-2013]"
 }
 
 @BOOK{Lamport:LaTeX,
	AUTHOR = "Leslie Lamport",
	TITLE = "LaTeX User's Guide and Document Reference Manual",
	PUBLISHER = "Addison-Wesley Publishing Company",
	ADDRESS = "Reading, Massachusetts",
	YEAR = "1986"	
}

@BOOK{salas:calculus,
	AUTHOR = "S.L. Salas and Einar Hille",
	TITLE = "Calculus: One and Several Variable",
	PUBLISHER = "John Wiley and Sons",
	ADDRESS = "New York",
	YEAR = "1978"	
}

@article{Hegghamer:2022,
author = {Hegghammer, Thomas},
year = {2022},
month = {05},
pages = {},
title = {OCR with Tesseract, Amazon Textract, and Google Document AI: a benchmarking experiment},
volume = {5},
journal = {Journal of Computational Social Science},
doi = {10.1007/s42001-021-00149-1}
}

@article{Fateh:2024,
author = {Fateh, Amirreza and Fateh, Mansoor and Abolghasemi, Vahid},
title = {Enhancing optical character recognition: Efficient techniques for document layout analysis and text line detection},
journal = {Engineering Reports},
volume = {6},
number = {9},
pages = {e12832},
keywords = {connected component, document layout analysis, font size, line detection, Persian printed},
doi = {https://doi.org/10.1002/eng2.12832},
year = {2024}
}

@INPROCEEDINGS{Raj:2022,
  author={Raj, Ravi and Kos, Andrzej},
  booktitle={2022 29th International Conference on Mixed Design of Integrated Circuits and System (MIXDES)}, 
  title={A Comprehensive Study of Optical Character Recognition}, 
  year={2022},
  volume={},
  number={},
  pages={151-154},
  keywords={Integrated circuits;Deep learning;Computer vision;Engineering profession;Timing;Internet;Optical character recognition software;OCR;Artificial Intelligence;Computer Vision;Pattern Recognition;Character Recognition},
  doi={10.23919/MIXDES55591.2022.9837974}}

@INPROCEEDINGS{Avyodri:2022,
  author={Avyodri, Ridvy and Lukas, Samuel and Tjahyadi, Hendra},
  booktitle={2022 1st International Conference on Technology Innovation and Its Applications (ICTIIA)}, 
  title={Optical Character Recognition (OCR) for Text Recognition and its Post-Processing Method: A Literature Review}, 
  year={2022},
  volume={},
  number={},
  pages={1-6},
  keywords={Integrated optics;Technological innovation;Image segmentation;Image recognition;Text recognition;Optical character recognition;Organizations;Optical Character Recognition;Text Recognition;Text Segmentation;Pre-processing;Post-processing},
  doi={10.1109/ICTIIA54654.2022.9935961}}

@InProceedings{Thorat:2022,
author="Thorat, Chhanam
and Bhat, Aishwarya
and Sawant, Padmaja
and Bartakke, Isha
and Shirsath, Swati",
editor="Fong, Simon
and Dey, Nilanjan
and Joshi, Amit",
title="A Detailed Review on Text Extraction Using Optical Character Recognition",
booktitle="ICT Analysis and Applications",
year="2022",
publisher="Springer Nature Singapore",
address="Singapore",
pages="719--728",
isbn="978-981-16-5655-2"
}
 
 %%%%%%%%%%%%%%%%%%%%%%
 % ARTICLES I DEFINITELY WON'T USE %
 %%%%%%%%%%%%%%%%%%%%%%
 
@article{winkler1984isometric,
  title={Isometric embedding in products of complete graphs},
  author={Winkler, Peter M},
  journal={Discrete Applied Mathematics},
  volume={7},
  number={2},
  pages={221--225},
  year={1984},
  publisher={Elsevier}
}

@inproceedings{dobkin1987delaunay,
  title={Delaunay graphs are almost as good as complete graphs},
  author={Dobkin, David P and Friedman, Steven J and Supowit, Kenneth J},
  booktitle={Foundations of Computer Science, 1987., 28th Annual Symposium on},
  pages={20--26},
  year={1987},
  organization={IEEE}
}

@article{folkman1970graphs,
  title={Graphs with monochromatic complete subgraphs in every edge coloring},
  author={Folkman, Jon},
  journal={SIAM Journal on Applied Mathematics},
  volume={18},
  number={1},
  pages={19--24},
  year={1970},
  publisher={SIAM}
 }
